@inproceedings{rizvee2020tree,
  title={Tree-Miner: Mining Sequential Patterns from SP-Tree},
  author={Rizvee, Redwan Ahmed and Arefin, Mohammad Fahim and Ahmed, Chowdhury Farhan},
  booktitle={PAKDD},
  pages={44--56},
  year={2020},
  organization={Springer}
}


@inproceedings{srikant1996mining,
  title={Mining sequential patterns: Generalizations and performance improvements},
  author={Srikant, Ramakrishnan and Agrawal, Rakesh},
  booktitle={International Conference on Extending Database Technology},
  pages={1--17},
  year={1996},
  organization={Springer}
}

@article{zaki2001spade,
  title={SPADE: An efficient algorithm for mining frequent sequences},
  author={Zaki, Mohammed J},
  journal={Machine learning},
  volume={42},
  number={1-2},
  pages={31--60},
  year={2001},
  publisher={Springer}
}




@article{han2001prefixspan,
  title={Mining sequential patterns by pattern-growth: The prefixspan approach},
  author={Pei, Jian and Han, Jiawei and Mortazavi-Asl, Behzad and Wang, Jianyong and Pinto, Helen and Chen, Qiming and Dayal, Umeshwar and Hsu, Mei-Chun},
  journal={IEEE TKDE},
  volume={16},
  number={11},
  pages={1424--1440},
  year={2004},
  publisher={IEEE}
}

@inproceedings{fournier2014fast,
  title={Fast vertical mining of sequential patterns using co-occurrence information},
  author={Fournier-Viger, Philippe and Gomariz, Antonio and Campos, Manuel and Thomas, Rincy},
  booktitle={PAKDD},
  pages={40--52},
  year={2014},
  organization={Springer}
}
%Pacific-Asia Conference on Knowledge Discovery and Data Mining


@inproceedings{lin1998incremental,
  title={Incremental update on sequential patterns in large databases},
  author={Lin, Ming-Yen and Lee, Suh-Yin},
  booktitle={Proc. Tenth IEEE ICTAI},
  pages={24--31},
  year={1998},
  organization={IEEE}
}
%Proceedings Tenth IEEE International Conference on Tools with Artificial Intelligence (Cat. No. 98CH36294)

@article{mallick2013incremental,
  title={Incremental mining of sequential patterns: Progress and challenges},
  author={Mallick, Bhawna and Garg, Deepak and Grover, PS},
  journal={Intelligent Data Analysis},
  volume={17},
  number={3},
  pages={507--530},
  year={2013},
  publisher={IOS Press}
}

@article{slimani2013sequential,
  title={Sequential mining: patterns and algorithms analysis},
  author={Slimani, Thabet and Lazzez, Amor},
  journal={arXiv preprint arXiv:1311.0350},
  year={2013}
}

@article{fournier2017survey,
  title={A survey of sequential pattern mining},
  author={Fournier-Viger, Philippe and Lin, Jerry Chun-Wei and Kiran, Rage Uday and Koh, Yun Sing and Thomas, Rincy},
  journal={Data Science and Pattern Recognition},
  volume={1},
  number={1},
  pages={54--77},
  year={2017}
}

@inproceedings{cheng2004incspan,
  title={IncSpan: incremental mining of sequential patterns in large database},
  author={Cheng, Hong and Yan, Xifeng and Han, Jiawei},
  booktitle={KDD},
  pages={527--532},
  year={2004}
}
%Proceedings of the tenth ACM SIGKDD international conference on Knowledge discovery and data mining

@article{lin2015incrementally,
  author={\color{blue} Lin, Jerry Chun-Wei and Hong, Tzung-Pei and Gan, Wensheng and Chen, Hsin-Yi and Li, Sheng-Tun},
  title={Incrementally updating the discovered sequential patterns based on pre-large concept},
  journal={IDA},
  volume={19},
  number={5},
  pages={1071--1089},
  year={2015\color{black}},
  publisher={IOS Press}
}
%Intelligent Data Analysis

@incollection{liu2012incremental,
  title={Incremental mining algorithm of sequential patterns based on sequence tree},
  author={Liu, Jiaxin and Yan, Shuting and Wang, Yanyan and Ren, Jiadong},
  booktitle={Advances in Intelligent Systems},
  pages={61--67},
  year={2012},
  publisher={Springer}
}

@article{saleti2019mapreduce,
  author={\color{blue} Saleti, Sumalatha and Subramanyam, RBV},
  title={A MapReduce solution for incremental mining of sequential patterns from big data},
  journal={Expert Systems With Applications},
  volume={133},
  pages={109--125},
  year={2019\color{black}},
  publisher={Elsevier}
}


@inproceedings{chen2007incremental,
  title={Incremental mining of sequential patterns using prefix tree},
  author={Chen, Yue and Guo, Jiankui and Wang, Yaqin and Xiong, Yun and Zhu, Yangyong},
  booktitle={PAKDD},
  pages={433--440},
  year={2007},
  organization={Springer}
}
%Pacific-Asia Conference on Knowledge Discovery and Data Mining

@article{zheng2002algorithms,
  title={The algorithms of updating sequential patterns},
  author={Zheng, Qingguo and Xu, Ke and Ma, Shilong and Lv, Weifeng},
  journal={arXiv preprint cs/0203027},
  year={2002}
}

@article{gan2019survey,
  title={A survey of parallel sequential pattern mining},
  author={Gan, Wensheng and Lin, Jerry Chun-Wei and Fournier-Viger, Philippe and Chao, Han-Chieh and Yu, Philip S},
  journal={TKDD},
  volume={13},
  number={3},
  pages={1--34},
  year={2019},
  publisher={ACM New York, NY, USA}
}
%ACM Transactions on Knowledge Discovery from Data (TKDD)

@article{wang1997discovering,
  title={Discovering patterns from large and dynamic sequential data},
  author={Wang, Ke},
  journal={JIIS},
  volume={9},
  number={1},
  pages={33--56},
  year={1997},
  publisher={Springer}
}
%Journal of Intelligent Information Systems

@inproceedings{parthasarathy1999incremental,
  title={Incremental and interactive sequence mining},
  author={Parthasarathy, Srinivasan and Zaki, Mohammed Javeed and Ogihara, Mitsunori and Dwarkadas, Sandhya},
  booktitle={Proc. of eighth CIKM},
  pages={251--258},
  year={1999}
}
%Proceedings of the eighth international conference on Information and knowledge management

@article{masseglia2003incremental,
  title={Incremental mining of sequential patterns in large databases},
  author={Masseglia, Florent and Poncelet, Pascal and Teisseire, Maguelonne},
  journal={Data \& Knowledge Engineering},
  volume={46},
  number={1},
  pages={97--121},
  year={2003},
  publisher={Elsevier}
}

@article{kao2005efficient,
  title={Efficient algorithms for mining and incremental update of maximal frequent sequences},
  author={Kao, Ben and Zhang, Minghua and Yip, Chi-Lap and Cheung, David W and Fayyad, Usama},
  journal={Data Mining and Knowledge Discovery},
  volume={10},
  number={2},
  pages={87--116},
  year={2005},
  publisher={Springer}
}

@inproceedings{zhang2002efficient,
  title={Efficient algorithms for incremental update of frequent sequences},
  author={Zhang, Minghua and Kao, Ben and Cheung, David and Yip, Chi-Lap},
  booktitle={PAKDD},
  pages={186--197},
  year={2002},
  organization={Springer}
}
%Pacific-Asia Conference on Knowledge Discovery and Data Mining

@article{lin2004incremental,
  title={Incremental update on sequential patterns in large databases by implicit merging and efficient counting},
  author={Lin, Ming-Yen and Lee, Suh-Yin},
  journal={Information Systems},
  volume={29},
  number={5},
  pages={385--404},
  year={2004},
  publisher={Elsevier}
}

@article{grahne2005fast,
  title={Fast algorithms for frequent itemset mining using fp-trees},
  author={Grahne, G{\"o}sta and Zhu, Jianfei},
  journal={IEEE TKDE},
  volume={17},
  number={10},
  pages={1347--1362},
  year={2005},
  publisher={IEEE}
}
%IEEE transactions on knowledge and data engineering

@article{hong2001new,
  title={A new incremental data mining algorithm using pre-large itemsets},
  author={Hong, Tzung-Pei and Wang, Ching-Yao and Tao, Yu-Hui},
  journal={Intelligent Data Analysis},
  volume={5},
  number={2},
  pages={111--129},
  year={2001},
  publisher={IOS Press}
}

@article{hong2011incremental,
  title={An incremental mining algorithm for maintaining sequential patterns using pre-large sequences},
  author={Hong, Tzung-Pei and Wang, Ching-Yao and Tseng, Shian-Shyong},
  journal={Expert Syst Appl},
  volume={38},
  number={6},
  pages={7051--7058},
  year={2011},
  publisher={Elsevier}
}
%Expert Systems with Applications

@article{lin2007discover,
  title={Discover sequential patterns in incremental database},
  author={Lin, Nancy P and Hao, Wei-Hua and Chen, Hung-Jen and Hao, E and Chang, CC},
  journal={International Journal of Computers},
  volume={1},
  pages={196--201},
  year={2007}
}

@incollection{chang2007imcs,
  title={Imcs: Incremental mining of closed sequential patterns},
  author={Chang, Lei and Yang, Dongqing and Wang, Tengjiao and Tang, Shiwei},
  booktitle={Advances in Data and Web Management},
  pages={50--61},
  year={2007},
  publisher={Springer}
}

@inproceedings{borgelt2005implementation,
  title={An Implementation of the FP-growth Algorithm},
  author={Borgelt, Christian},
  booktitle={Proceedings of the 1st international workshop on open source data mining: frequent pattern mining implementations},
  pages={1--5},
  year={2005}
}


@article{leung2007cantree,
  title={CanTree: a canonical-order tree for incremental frequent-pattern mining},
  author={Leung, Carson Kai-Sang and Khan, Quamrul I and Li, Zhan and Hoque, Tariqul},
  journal={Knowledge and Information Systems},
  volume={11},
  number={3},
  pages={287--311},
  year={2007},
  publisher={Springer}
}

@inproceedings{Fast,
  title={Fast sequence mining based on sparse id-lists},
  author={Salvemini, Eliana and Fumarola, Fabio and Malerba, Donato and Han, Jiawei},
  booktitle={ISMIS},
  pages={316--325},
  year={2011},
  organization={Springer}
}


@inproceedings{Lapin,
  title={LAPIN: effective sequential pattern mining algorithms by last position induction for dense databases},
  author={Yang, Zhenglu and Wang, Yitong and Kitsuregawa, Masaru},
  booktitle={DASFAA},
  pages={1020--1023},
  year={2007},
  organization={Springer}
} 

@article{SPADE,
  title={SPADE: An efficient algorithm for mining frequent sequences},
  author={Zaki, Mohammed J},
  journal={Machine learning},
  volume={42},
  number={1-2},
  pages={31--60},
  year={2001},
  publisher={Springer}
}


@inproceedings{Spam,
  title={Sequential pattern mining using a bitmap representation},
  author={Ayres, Jay and Flannick, Jason and Gehrke, Johannes and Yiu, Tomi},
  booktitle={KDD},
  pages={429--435},
  year={2002},
  organization={ACM}
}
%Proceedings of the eighth ACM SIGKDD international conference on Knowledge discovery and data mining

@article{perera2008clustering,
  title={Clustering and sequential pattern mining of online collaborative learning data},
  author={Perera, Dilhan and Kay, Judy and Koprinska, Irena and Yacef, Kalina and Za{\"\i}ane, Osmar R},
  journal={IEEE TKDE},
  volume={21},
  number={6},
  pages={759--772},
  year={2008},
  publisher={IEEE}
}


@article{huang2008general,
  title={A general model for sequential pattern mining with a progressive database},
  author={Huang, Jen-Wei and Tseng, Chi-Yao and Ou, Jian-Chih and Chen, Ming-Syan},
  journal={IEEE TKDE},
  volume={20},
  number={9},
  pages={1153--1167},
  year={2008},
  publisher={IEEE}
}

@article{chen2009updown,
  title={An updown directed acyclic graph approach for sequential pattern mining},
  author={Chen, Jinlin},
  journal={IEEE TKDE},
  volume={22},
  number={7},
  pages={913--928},
  year={2009},
  publisher={IEEE}
}

@article{okolica2018sequence,
  title={Sequence Pattern Mining with Variables},
  author={Okolica, James S and Peterson, Gilbert L and Mills, Robert F and Grimaila, Michael R},
  journal={IEEE TKDE},
  volume={32},
  number={1},
  pages={177--187},
  year={2020}, 
  publisher={IEEE}
}
%2018

@article{guidotti2018personalized,
  title={Personalized market basket prediction with temporal annotated recurring sequences},
  author={Guidotti, Riccardo and Rossetti, Giulio and Pappalardo, Luca and Giannotti, Fosca and Pedreschi, Dino},
  journal={IEEE TKDE},
  volume={31},
  number={11},
  pages={2151--2163},
  year={2019},
  publisher={IEEE}
}

@article{he2019significance,
  author={\color{blue} He, Zengyou and Zhang, Simeng and Wu, Jun},
  title={Significance-based discriminative sequential pattern mining},
  journal={Expert Systems with Applications},
  volume={122},
  pages={54--64},
  year={2019\color{black}},
  publisher={Elsevier}
}

@article{tarus2018hybrid,
  author={\color{blue}Tarus, John K and Niu, Zhendong and Kalui, Dorothy},
  title={A hybrid recommender system for e-learning based on context awareness and sequential pattern mining},
  journal={Soft Computing},
  volume={22},
  number={8},
  pages={2449--2461},
  year={2018\color{black}},
  publisher={Springer}
}

@inproceedings{hosseininasab2019constraint,
    author={\color{blue} Hosseininasab, Amin and van Hoeve, Willem-Jan and Cire, Andre A},
  title={Constraint-based sequential pattern mining with decision diagrams},
  booktitle={Proceedings of the AAAI Conference on Artificial Intelligence},
  volume={33},
  pages={1495--1502},
  year={2019\color{black}}
}

